@article{savioAcceleratingLegacyApplications2022,
  title = {Accelerating Legacy Applications with Spatial Computing Devices},
  author = {Savio, Paolo and Scionti, Alberto and Vitali, Giacomo and Viviani, Paolo and Vercellino, Chiara and Terzo, Olivier and Nguyen, Huy-Nam and Magarielli, Donato and Spano, Ennio and Marconcini, Michele and Poli, Francesco},
  year = {2022},
  month = nov,
  journal = {The Journal of Supercomputing},
  issn = {0920-8542, 1573-0484},
  doi = {10.1007/s11227-022-04925-2},
  langid = {english}
}

@inproceedings{vercellinoNeuralpoweredUnitDisk2022,
  title = {Neural-Powered Unit Disk Graph Embedding: Qubits Connectivity for Some {{QUBO}} Problems},
  shorttitle = {Neural-Powered Unit Disk Graph Embedding},
  booktitle = {2022 {{IEEE International Conference}} on {{Quantum Computing}} and {{Engineering}} ({{QCE}})},
  author = {Vercellino, Chiara and Viviani, Paolo and Vitali, Giacomo and Scionti, Alberto and Scarabosio, Andrea and Terzo, Olivier and Giusto, Edoardo and Montrucchio, Bartolomeo},
  year = {2022},
  month = sep,
  pages = {186--196},
  publisher = {{IEEE}},
  address = {{Broomfield, CO, USA}},
  doi = {10.1109/QCE53715.2022.00038},
  isbn = {978-1-66549-113-6}
}

@incollection{vivianiTamingMultinodeAccelerated2022,
	address = {Cham},
	title = {Taming {Multi}-node {Accelerated} {Analytics}: {An} {Experience} in {Porting} {MATLAB} to {Scale} with {Python}},
	volume = {497},
	isbn = {978-3-031-08811-7 978-3-031-08812-4},
	shorttitle = {Taming {Multi}-node {Accelerated} {Analytics}},
	url = {https://link.springer.com/10.1007/978-3-031-08812-4_20},
	language = {en},
	urldate = {2022-06-23},
	booktitle = {Complex, {Intelligent} and {Software} {Intensive} {Systems}},
	publisher = {Springer International Publishing},
	author = {Viviani, Paolo and Vitali, Giacomo and Lengani, Davide and Scionti, Alberto and Vercellino, Chiara and Terzo, Olivier},
	editor = {Barolli, Leonard},
	month = {jun},
	year = {2022},
	doi = {10.1007/978-3-031-08812-4_20},
	note = {Series Title: Lecture Notes in Networks and Systems},
	pages = {200--210},
	file = {Viviani et al. - 2022 - Taming Multi-node Accelerated Analytics An Experi.pdf:/Users/pvi/Documents/Zotero/storage/WT8F3ICS/Viviani et al. - 2022 - Taming Multi-node Accelerated Analytics An Experi.pdf:application/pdf},
}

@incollection{sciontiDistributedHPCResources2022,
  title = {Distributed {{HPC Resources Orchestration}} for {{Supporting Large-Scale Workflow Execution}}},
  shorttitle = {{{HPC}}, {{Big Data}}, and {{AI Convergence Towards Exascale}}},
  booktitle = {{{HPC}}, {{Big Data}}, and {{AI Convergence Towards Exascale}}: {{Challenge}} and {{Vision}}},
  author = {Scionti, Alberto and Viviani, Paolo and Vitali, Giacomo and Vercellino, Chiara and Terzo, Olivier and Hachinger, Stephan and Vojacek, Luk{\'a}{\v s}},
  year = {2022},
  month = jan,
  edition = {First},
  pages = {23},
  publisher = {{CRC Press}},
  address = {{New York}},
  doi = {10.1201/9781003176664},
  isbn = {978-1-00-317666-4},
  langid = {english}
}
@incollection{sciontiEnablingHPCArtificial2022,
  title = {Enabling the {{HPC}} and {{Artificial Intelligence Cross-Stack Convergence}} at the {{Exascale Level}}},
  shorttitle = {{{HPC}}, {{Big Data}}, and {{AI Convergence Towards Exascale}}},
  booktitle = {{{HPC}}, {{Big Data}}, and {{AI Convergence Towards Exascale}}: {{Challenge}} and {{Vision}}},
  author = {Scionti, Alberto and Viviani, Paolo and Vitali, Giacomo and Vercellino, Chiara and Terzo, Olivier},
  year = {2022},
  month = jan,
  edition = {First},
  pages = {22},
  publisher = {{CRC Press}},
  address = {{New York}},
  doi = {10.1201/9781003176664},
  isbn = {978-1-00-317666-4},
  langid = {english}
}
@inproceedings{20:sac:blockchain,
	author = {Reniers, Vincent and Gao, Yuan and Zhang, Ren and Viviani, Paolo and Madhusudan, Akash and Lagaisse, Bert and Nikova, Svetla and Van Landuyt, Dimitri and Lombardi, Riccardo and Preneel, Bart and Joosen, Wouter},
	title = {Authenticated and Auditable Data Sharing via Smart Contract},
	year = {2020},
	isbn = {9781450368667},
	publisher = {Association for Computing Machinery},
	address = {New York, NY, USA},
	url = {https://doi.org/10.1145/3341105.3373957},
	doi = {10.1145/3341105.3373957},
	pages = {324â€“331},
	numpages = {8},
	keywords = {blockchain storage, data sharing smart contract, distributed shared ledger, auditable data sharing},
	location = {Brno, Czech Republic},
	series = {SAC '20}}

@inproceedings{19:sac:blockchain,
	author = {Reniers, Vincent and Van Landuyt, Dimitri and Viviani, Paolo and Lagaisse, Bert and Lombardi, Riccardo and Joosen, Wouter},
	title = {Analysis of Architectural Variants for Auditable Blockchain-based Private Data Sharing},
	booktitle = {Proceedings of the 34th ACM/SIGAPP Symposium on Applied Computing},
	series = {SAC '19},
	year = {2019},
	isbn = {978-1-4503-5933-7},
	location = {Limassol, Cyprus},
	pages = {346--354},
	numpages = {9},
	url = {http://doi.acm.org/10.1145/3297280.3297316},
	doi = {10.1145/3297280.3297316},
	acmid = {3297316},
	publisher = {ACM},
	address = {New York, NY, USA},
	keywords = {blockchain storage, decentralized data access control, decentralized private data auditing, distributed shared ledger}
	} 

@inproceedings{19:deeplearn:pdp,
	Address = {Pavia, Italy},
	Author = {Paolo Viviani and Maurizio Drocco and Daniele Baccega and Iacopo Colonnelli and Marco Aldinucci},
	Booktitle = {Proc. of 27th Euromicro Intl. Conference on Parallel Distributed and network-based Processing (PDP)},
	Date-Modified = {2019-03-22 22:49:35 +0100},
	Doi = {10.1109/EMPDP.2019.8671552},
	Keywords = {deep learning, distributed computing, machine learning, large scale, C++},
	Pages = {124-131},
	Publisher = {IEEE},
	Title = {Deep Learning at Scale},
	Url = {https://iris.unito.it/retrieve/handle/2318/1695211/487778/19_deeplearning_PDP.pdf},
	Year = {2019},
	Bdsk-Url-1 = {https://iris.unito.it/retrieve/handle/2318/1695211/487778/19_deeplearning_PDP.pdf}}

@inproceedings{18:hpc4ai_acm_CF,
	Address = {Ischia, Italy},
	Author = {Marco Aldinucci and Sergio Rabellino and Marco Pironti and Filippo Spiga and Paolo Viviani and Maurizio Drocco and Marco Guerzoni and Guido Boella and Marco Mellia and Paolo Margara and Idillio Drago and Roberto Marturano and Guido Marchetto and Elio Piccolo and Stefano Bagnasco and Stefano Lusso and Sara Vallero and Giuseppe Attardi and Alex Barchiesi and Alberto Colla and Fulvio Galeazzi},
	Booktitle = {ACM Computing Frontiers},
	Date-Added = {2018-04-21 14:18:48 +0000},
	Date-Modified = {2018-04-21 14:26:05 +0000},
	Doi = {10.1145/3203217.3205340},
	Url = {http://alpha.di.unito.it/storage/papers/2018_hpc4ai_ACM_CF.pdf},
	Keywords = {hpc4ai, c3s},
	Month = may,
	Title = {HPC4AI, an AI-on-demand federated platform endeavour},
	Year = {2018}}
	
@inproceedings{svd:pdp:18,
	Address = {Cambridge, United Kingdom},
	Author = {Paolo Viviani and Maurizio Drocco and Marco Aldinucci},
	Booktitle = {Proc. of 26th Euromicro Intl. Conference on Parallel Distributed and network-based Processing (PDP)},
	Date-Modified = {2018-01-30 11:07:31 +0000},
	Doi = {},
	Keywords = {svd, big data, linear algebra},
	Pages = {},
	Publisher = {IEEE},
	Title = {Scaling Dense Linear Algebra on Multicore and Beyond: a Survey},
	Url = {https://iris.unito.it/retrieve/handle/2318/1659340/387685/preprint_aperto.pdf},
	Year = {2018}}
	
@inproceedings{18:parco:workflow,
	Author = {Fabio Tordini and Marco Aldinucci and Paolo Viviani and Ivan Merelli and Pietro Li{\`{o}}},
	Booktitle = {Proc. of the Intl. Conference on Parallel Computing, ParCo 2017, 12-15 September 2017, Bologna, Italy},
	Date-Added = {2018-01-21 15:15:01 +0000},
	Date-Modified = {2018-01-21 15:33:23 +0000},
	Publisher = {{IOS} Press},
	Series = {Advances in Parallel Computing},
	Title = {Scientific Workflows on Clouds with Heterogeneous and Preemptible Instances},
	Url = {https://iris.unito.it/retrieve/handle/2318/1658510/385411/main.pdf},
	Year = {2018}}

@inproceedings{17:sac:armadillo,
	Address = {Marrakesh, Morocco},
	Author = {Paolo Viviani and Massimo Torquati and Marco Aldinucci and Roberto d'Ippolito},
	Booktitle = {In proc. of the 32nd ACM Symposium on Applied Computing (SAC)},
	Date-Added = {2016-08-19 21:47:45 +0000},
	Date-Modified = {2017-06-13 15:54:43 +0000},
	Keywords = {nvidia, repara, rephrase, itea2},
	Month = apr,
	Pages = {1566--1573},
	Title = {Multiple back-end support for the Armadillo linear algebra interface},
	Url = {https://iris.unito.it/retrieve/handle/2318/1626229/299089/armadillo_4aperto.pdf},
	Year = {2017},
	Bdsk-Url-1 = {https://iris.unito.it/retrieve/handle/2318/1626229/299089/armadillo_4aperto.pdf}}